@inproceedings{W:81:PS,
 author = {Mark Weiser},
 title = {Program Slicing},
 booktitle = {ICSE},
 year = {1981},
 pages = {439--449},
 numpages = {11},
 publisher = {IEEE Press},
} 

@inproceedings{AWZ:88:DQVP,
 author = {B. Alpern and M. N. Wegman and F. K. Zadeck},
 title = {Detecting Equality of Variables in Programs},
 booktitle = {POPL},
 year = {1988},
 pages = {1--11},
 numpages = {11},
 publisher = {ACM},
 address = {New York, NY, USA},
} 

@Book{GJ:1979:CAI,
  author =    "Michael R. Garey and David S. Johnson",
  title =        "Computers and Intractability: A Guide to the Theory 
                  of NP-Completeness", 
  publisher =    "W. H. Freeman and company",
  year =         "1979",
}

@Article{M:87:SPEC,
  author =       {Peter L. Montgomery},
  title =        {Speeding the {Pollard} and Elliptic Ccurve Methods of
                  Factorization},
  journal =      {Mathematics of Computation},
  year =         {1987},
  volume =    {48},
  number =    {177},
  pages =     {243--264},
}

@Misc{BS:16:GFEV,
  author =    {Daniel J. Bernstein and Peter Schwabe},
  title =     {{gfverif}: Fast and Easy Verification of Finite-Field Arithmetic},
  year =    {2016},
  note =    {\url{http://gfverif.cryptojedi.org}},
}

@InProceedings{H:07:AENTP,
  author =       {John Harrison},
  title =        {Automating Elementary Number-Theoretic Proofs Using
                  {Gr\"obner} Bases},
  booktitle = {CADE},
  year =      {2007},
  editor =    {Frank Pfenning},
  volume =    {4603},
  series =    {LNCS},
  pages =     {51--66},
  publisher = {Springer},
}

@article{H:69:ABCP,
  title={An axiomatic basis for computer programming},
  author={C. A. R. Hoare},
  journal={CACM},
  volume={12},
  number={10},
  pages={576--580},
  year={1969},
  publisher={ACM}
}

@InProceedings{P:08:CGBP,
  author =       {Lo\"ic Pottier},
  title =        {Connecting {Gr\"obner} Bases Programs with {Coq} to do
                  Proofs in Algebra, Geometry and Arithmetics},
  booktitle = {Knowledge Exchange: Automated Provers and Proof Assistants},
  year =      {2008},
  editor =    {G. Sutcliffe and P. Rudnicki and R. Schmidt and
                  B. Konev and S. Schulz}, 
  pages =     {418},
}

@TechReport{P:10:CGBP,
  author =       {Lo\"ic Pottier},
  title =        {Connecting Gr\"obner Bases Programs with {Coq} to do
                  Proofs in Algebra, Geometry and Arithmetics},
  institution =  {CoRR},
  year =         {2010},
  number =    {abs/1007.3615},
}

